@String(PAMI = {IEEE Trans. Pattern Anal. Mach. Intell.})
@String(IJCV = {Int. J. Comput. Vis.})
@String(CVPR= {IEEE Conf. Comput. Vis. Pattern Recog.})
@String(ICCV= {Int. Conf. Comput. Vis.})
@String(ECCV= {Eur. Conf. Comput. Vis.})
@String(NIPS= {Adv. Neural Inform. Process. Syst.})
@String(ICPR = {Int. Conf. Pattern Recog.})
@String(BMVC= {Brit. Mach. Vis. Conf.})
@String(TOG= {ACM Trans. Graph.})
@String(TIP  = {IEEE Trans. Image Process.})
@String(TVCG  = {IEEE Trans. Vis. Comput. Graph.})
@String(TMM  = {IEEE Trans. Multimedia})
@String(ACMMM= {ACM Int. Conf. Multimedia})
@String(ICME = {Int. Conf. Multimedia and Expo})
@String(ICASSP=	{ICASSP})
@String(ICIP = {IEEE Int. Conf. Image Process.})
@String(ACCV  = {ACCV})
@String(ICLR = {Int. Conf. Learn. Represent.})
@String(IJCAI = {IJCAI})
@String(PR   = {Pattern Recognition})
@String(AAAI = {AAAI})
@String(CVPRW= {IEEE Conf. Comput. Vis. Pattern Recog. Worksh.})
@String(CSVT = {IEEE Trans. Circuit Syst. Video Technol.})

@String(SPL	= {IEEE Sign. Process. Letters})
@String(VR   = {Vis. Res.})
@String(JOV	 = {J. Vis.})
@String(TVC  = {The Vis. Comput.})
@String(JCST  = {J. Comput. Sci. Tech.})
@String(CGF  = {Comput. Graph. Forum})
@String(CVM = {Computational Visual Media})


@String(PAMI  = {IEEE TPAMI})
@String(IJCV  = {IJCV})
@String(CVPR  = {CVPR})
@String(ICCV  = {ICCV})
@String(ECCV  = {ECCV})
@String(NIPS  = {NeurIPS})
@String(ICPR  = {ICPR})
@String(BMVC  =	{BMVC})
@String(TOG   = {ACM TOG})
@String(TIP   = {IEEE TIP})
@String(TVCG  = {IEEE TVCG})
@String(TCSVT = {IEEE TCSVT})
@String(TMM   =	{IEEE TMM})
@String(ACMMM = {ACM MM})
@String(ICME  =	{ICME})
@String(ICASSP=	{ICASSP})
@String(ICIP  = {ICIP})
@String(ACCV  = {ACCV})
@String(ICLR  = {ICLR})
@String(IJCAI = {IJCAI})
@String(PR = {PR})
@String(AAAI = {AAAI})
@String(CVPRW= {CVPRW})
@String(CSVT = {IEEE TCSVT})

@inproceedings{Ustun_2019,
	doi = {10.1145/3287560.3287566},
  
	url = {https://doi.org/10.1145%2F3287560.3287566},
  
	year = 2019,
	month = {jan},
  
	publisher = {{ACM}
},
  
	author = {Berk Ustun and Alexander Spangher and Yang Liu},
  
	title = {Actionable Recourse in Linear Classification},
  
	booktitle = {Proceedings of the Conference on Fairness, Accountability, and Transparency}
}

@misc{wachter2018counterfactual,
      title={Counterfactual Explanations without Opening the Black Box: Automated Decisions and the GDPR}, 
      author={Sandra Wachter and Brent Mittelstadt and Chris Russell},
      year={2018},
      eprint={1711.00399},
      archivePrefix={arXiv},
      primaryClass={cs.AI}
}

@misc{karimi2019CFE2Interventions,
      title={Algorithmic Recourse: from Counterfactual Explanations to Interventions}, 
      author={Amir-Hossein Karimi and Bernhard Schölkopf and Isabel Valera},
      year={2020},
      eprint={2002.06278},
      archivePrefix={arXiv},
      primaryClass={cs.LG}
}

@misc{karimi2020ARUICK,
      title={Algorithmic recourse under imperfect causal knowledge: a probabilistic approach}, 
      author={Amir-Hossein Karimi and Julius von Kügelgen and Bernhard Schölkopf and Isabel Valera},
      year={2020},
      eprint={2006.06831},
      archivePrefix={arXiv},
      primaryClass={cs.LG}
}

@inproceedings{NCD,
 author = {Hoyer, Patrik and Janzing, Dominik and Mooij, Joris M and Peters, Jonas and Sch\"{o}lkopf, Bernhard},
 booktitle = {Advances in Neural Information Processing Systems},
 editor = {D. Koller and D. Schuurmans and Y. Bengio and L. Bottou},
 pages = {},
 publisher = {Curran Associates, Inc.},
 title = {Nonlinear causal discovery with additive noise models},
 url = {https://proceedings.neurips.cc/paper_files/paper/2008/file/f7664060cc52bc6f3d620bcedc94a4b6-Paper.pdf},
 volume = {21},
 year = {2008}
}

@misc{growing_spheres,
      title={Inverse Classification for Comparison-based Interpretability in Machine Learning}, 
      author={Thibault Laugel and Marie-Jeanne Lesot and Christophe Marsala and Xavier Renard and Marcin Detyniecki},
      year={2017},
      eprint={1712.08443},
      archivePrefix={arXiv},
      primaryClass={stat.ML}
}

@misc{mahajan2020preserving,
      title={Preserving Causal Constraints in Counterfactual Explanations for Machine Learning Classifiers}, 
      author={Divyat Mahajan and Chenhao Tan and Amit Sharma},
      year={2020},
      eprint={1912.03277},
      archivePrefix={arXiv},
      primaryClass={cs.LG}
}

@misc{crupi2021counterfactual,
      title={Counterfactual Explanations as Interventions in Latent Space}, 
      author={Riccardo Crupi and Alessandro Castelnovo and Daniele Regoli and Beatriz San Miguel Gonzalez},
      year={2021},
      eprint={2106.07754},
      archivePrefix={arXiv},
      primaryClass={cs.AI}
}